<?xml version="1.0" encoding="UTF-8"?><collection xmlns="http://www.loc.gov/MARC21/slim"><record><leader>00404nam--2200133-i-4500</leader><controlfield tag="001">000039036</controlfield><controlfield tag="002">20161230</controlfield><controlfield tag="005">20161230201042</controlfield><controlfield tag="008">060222s1000------------r-----000-0-eng-d</controlfield><datafield ind1=" " ind2=" " tag="100"><subfield code="a">Reza, F.M., Seely, S</subfield></datafield><datafield ind1=" " ind2=" " tag="245"><subfield code="a">Modern network analysis</subfield></datafield><datafield ind1=" " ind2=" " tag="260"><subfield code="a">New York, Mcgraw-hill Book Co.Ltd., 1959, Xi + 373p</subfield></datafield><datafield ind1=" " ind2=" " tag="490"><subfield code="a">Mcgraw-hill Texts In Electrical Engineering By Authors At Syracuse Univ</subfield></datafield><datafield ind1=" " ind2=" " tag="852"><subfield code="a">11558</subfield></datafield></record></collection>